
    <marc:record>
        <marc:leader>01152cam a2200265 c 4500</marc:leader>
        <marc:controlfield tag="001">990214304974702202</marc:controlfield>
        <marc:controlfield tag="005">20230313093856.0</marc:controlfield>
        <marc:controlfield tag="007">cr||||||||||||</marc:controlfield>
        <marc:controlfield tag="007">ta</marc:controlfield>
        <marc:controlfield tag="008">140313s2002    no#||||| |||||000|1|nob| </marc:controlfield>
        <marc:datafield tag="020" ind1=" " ind2=" ">
            <marc:subfield code="a">8252547672</marc:subfield>
            <marc:subfield code="q">ib.</marc:subfield>
        </marc:datafield>
        <marc:datafield tag="041" ind1="1" ind2=" ">
            <marc:subfield code="h">eng</marc:subfield>
        </marc:datafield>
        <marc:datafield tag="082" ind1="7" ind2="4">
            <marc:subfield code="a">823</marc:subfield>
            <marc:subfield code="q">NO-OsNB</marc:subfield>
            <marc:subfield code="2">4/nor</marc:subfield>
        </marc:datafield>
        <marc:datafield tag="100" ind1="1" ind2=" ">
            <marc:subfield code="a">Dahl, Roald</marc:subfield>
            <marc:subfield code="d">1916-1990</marc:subfield>
            <marc:subfield code="0">(NO-TrBIB)90064099</marc:subfield>
            <marc:subfield code="1">http://viaf.org/viaf/108159131</marc:subfield>
            <marc:subfield code="4">http://rdaregistry.info/Elements/w/object/P10061</marc:subfield>
        </marc:datafield>
        <marc:datafield tag="240" ind1="0" ind2="4">
            <marc:subfield code="a">My uncle Oswald</marc:subfield>
            <marc:subfield code="1">http://viaf.org/viaf/308001309</marc:subfield>
        </marc:datafield>
        <marc:datafield tag="245" ind1="1" ind2="0">
            <marc:subfield code="a">Onkel Oswald</marc:subfield>
            <marc:subfield code="c">Roald Dahl ; oversatt av Arne Moen Nesheim</marc:subfield>
        </marc:datafield>
        <marc:datafield tag="246" ind1="1" ind2=" ">
            <marc:subfield code="a">My uncle Oswald</marc:subfield>
            <marc:subfield code="i">Originaltittel</marc:subfield>
        </marc:datafield>
        <marc:datafield tag="260" ind1=" " ind2=" ">
            <marc:subfield code="a">[Oslo]</marc:subfield>
            <marc:subfield code="b">Den norske bokklubben</marc:subfield>
            <marc:subfield code="c">2002</marc:subfield>
        </marc:datafield>
        <marc:datafield tag="300" ind1=" " ind2=" ">
            <marc:subfield code="a">230 s.</marc:subfield>
        </marc:datafield>
        <marc:datafield tag="336" ind1=" " ind2=" ">
            <marc:subfield code="a">text</marc:subfield>
            <marc:subfield code="2">rdacontent</marc:subfield>
            <marc:subfield code="0">http://rdaregistry.info/termList/RDAContentType/1020</marc:subfield>
        </marc:datafield>
        <marc:datafield tag="337" ind1=" " ind2=" ">
            <marc:subfield code="a">unmediated</marc:subfield>
            <marc:subfield code="2">rdamedia</marc:subfield>
            <marc:subfield code="0">http://rdaregistry.info/termList/RDAMediaType/1007</marc:subfield>
        </marc:datafield>
        <marc:datafield tag="338" ind1=" " ind2=" ">
            <marc:subfield code="a">volume</marc:subfield>
            <marc:subfield code="2">rdacarrier</marc:subfield>
            <marc:subfield code="0">http://rdaregistry.info/termList/RDACarrierType/1049</marc:subfield>
        </marc:datafield>
        <marc:datafield tag="500" ind1=" " ind2=" ">
            <marc:subfield code="a">1. norske utg. Oslo : Gyldendal, 1980</marc:subfield>
        </marc:datafield>
        <marc:datafield tag="500" ind1=" " ind2=" ">
            <marc:subfield code="a">Utgitt som månedens bok</marc:subfield>
        </marc:datafield>
        <marc:datafield tag="700" ind1="1" ind2=" ">
            <marc:subfield code="a">Nesheim, Arne Moen</marc:subfield>
            <marc:subfield code="4">trl</marc:subfield>
            <marc:subfield code="1">http://viaf.org/viaf/229550672</marc:subfield>
            <marc:subfield code="4">http://rdaregistry.info/Elements/e/object/P20037</marc:subfield>
        </marc:datafield>
    </marc:record>