
    <marc:record>
        <marc:leader>01467cam a2200253 c 4500</marc:leader>
        <marc:controlfield tag="001">991215478844702202</marc:controlfield>
        <marc:controlfield tag="005">20230313093850.0</marc:controlfield>
        <marc:controlfield tag="007">ta</marc:controlfield>
        <marc:controlfield tag="008">130826s2005    no#||||j||||||000|u|nob|d</marc:controlfield>
        <marc:datafield tag="020" ind1=" " ind2=" ">
            <marc:subfield code="a">8252542794</marc:subfield>
            <marc:subfield code="q">ib.</marc:subfield>
        </marc:datafield>
        <marc:datafield tag="041" ind1="1" ind2=" ">
            <marc:subfield code="h">eng</marc:subfield>
        </marc:datafield>
        <marc:datafield tag="100" ind1="1" ind2=" ">
            <marc:subfield code="a">Dahl, Roald</marc:subfield>
            <marc:subfield code="d">1916-1990</marc:subfield>
            <marc:subfield code="0">(NO-TrBIB)90064099</marc:subfield>
            <marc:subfield code="1">http://viaf.org/viaf/108159131</marc:subfield>
            <marc:subfield code="4">http://rdaregistry.info/Elements/w/object/P10061</marc:subfield>
        </marc:datafield>
        <marc:datafield tag="240" ind1=" " ind2=" ">
            <marc:subfield code="a">Charlie and the great glass elevator</marc:subfield>
            <marc:subfield code="1">http://viaf.org/viaf/309279222</marc:subfield>
        </marc:datafield>
        <marc:datafield tag="245" ind1="1" ind2="0">
            <marc:subfield code="a">Charlie og den store glassheisen</marc:subfield>
            <marc:subfield code="c">Roald Dahl ; oversatt av Tor Edvin Dahl ; illustrert av Quentin Blake</marc:subfield>
        </marc:datafield>
        <marc:datafield tag="246" ind1="1" ind2=" ">
            <marc:subfield code="a">Charlie and the great glass elevator</marc:subfield>
            <marc:subfield code="i">Originaltittel</marc:subfield>
        </marc:datafield>
        <marc:datafield tag="260" ind1=" " ind2=" ">
            <marc:subfield code="a">[Oslo]</marc:subfield>
            <marc:subfield code="b">Boklubbens barn</marc:subfield>
            <marc:subfield code="c">2005</marc:subfield>
        </marc:datafield>
        <marc:datafield tag="300" ind1=" " ind2=" ">
            <marc:subfield code="a">169 s.</marc:subfield>
            <marc:subfield code="b">ill.</marc:subfield>
        </marc:datafield>
        <marc:datafield tag="336" ind1=" " ind2=" ">
            <marc:subfield code="a">text</marc:subfield>
            <marc:subfield code="2">rdacontent</marc:subfield>
            <marc:subfield code="0">http://rdaregistry.info/termList/RDAContentType/1020</marc:subfield>
        </marc:datafield>
        <marc:datafield tag="337" ind1=" " ind2=" ">
            <marc:subfield code="a">unmediated</marc:subfield>
            <marc:subfield code="2">rdamedia</marc:subfield>
            <marc:subfield code="0">http://rdaregistry.info/termList/RDAMediaType/1007</marc:subfield>
        </marc:datafield>
        <marc:datafield tag="338" ind1=" " ind2=" ">
            <marc:subfield code="a">volume</marc:subfield>
            <marc:subfield code="2">rdacarrier</marc:subfield>
            <marc:subfield code="0">http://rdaregistry.info/termList/RDACarrierType/1049</marc:subfield>
        </marc:datafield>
        <marc:datafield tag="700" ind1="1" ind2=" ">
            <marc:subfield code="a">Blake, Quentin</marc:subfield>
            <marc:subfield code="d">1932-</marc:subfield>
            <marc:subfield code="4">ill</marc:subfield>
            <marc:subfield code="0">(NO-TrBIB)90545185</marc:subfield>
            <marc:subfield code="1">http://viaf.org/viaf/108680806</marc:subfield>
            <marc:subfield code="4">http://rdaregistry.info/Elements/m/object/P30321</marc:subfield>
        </marc:datafield>
        <marc:datafield tag="700" ind1="1" ind2=" ">
            <marc:subfield code="a">Dahl, Tor Edvin</marc:subfield>
            <marc:subfield code="d">1943-</marc:subfield>
            <marc:subfield code="4">trl</marc:subfield>
            <marc:subfield code="0">(NO-TrBIB)90053783</marc:subfield>
            <marc:subfield code="1">http://viaf.org/viaf/115456625</marc:subfield>
            <marc:subfield code="4">http://rdaregistry.info/Elements/e/object/P20037 </marc:subfield>
        </marc:datafield>
        <marc:datafield tag="700" ind1="1" ind2=" ">
            <marc:subfield code="a">Skjolde, Line,</marc:subfield>
            <marc:subfield code="d">1973-</marc:subfield>
            <marc:subfield code="4">bjd</marc:subfield>
            <marc:subfield code="0">(NO-TrBIB)10060785</marc:subfield>
            <marc:subfield code="1">http://viaf.org/viaf/305139729</marc:subfield>
            <marc:subfield code="4">http://rdaregistry.info/Elements/m/object/P30069</marc:subfield>
        </marc:datafield>
        <marc:datafield tag="776" ind1="0" ind2=" ">
            <marc:subfield code="t">Charlie og den store glassheisen</marc:subfield>
            <marc:subfield code="w">991013193804702201</marc:subfield>
        </marc:datafield>
    </marc:record>