
    <marc:record>
        <marc:leader>01447nam a2200253 a 4500</marc:leader>
        <marc:controlfield tag="001">017359577</marc:controlfield>
        <marc:controlfield tag="003">Uk</marc:controlfield>
        <marc:controlfield tag="005">20150514123549.0</marc:controlfield>
        <marc:controlfield tag="008">110703s2011    enka   j      000 1 eng  </marc:controlfield>
        <marc:datafield tag="020" ind1=" " ind2=" ">
            <marc:subfield code="a">0141328878 (hbk)</marc:subfield>
        </marc:datafield>
        <marc:datafield tag="020" ind1=" " ind2=" ">
            <marc:subfield code="a">9780141328874 (hbk)</marc:subfield>
        </marc:datafield>
        <marc:datafield tag="038" ind1=" " ind2=" ">
            <marc:subfield code="a">OCoLC</marc:subfield>
        </marc:datafield>
        <marc:datafield tag="082" ind1="0" ind2="4">
            <marc:subfield code="a">823.92</marc:subfield>
            <marc:subfield code="2">23</marc:subfield>
        </marc:datafield>
        <marc:datafield tag="100" ind1="1" ind2=" ">
            <marc:subfield code="a">Dahl, Roald.</marc:subfield>
            <marc:subfield code="1">http://viaf.org/viaf/108159131</marc:subfield>
            <marc:subfield code="4">http://rdaregistry.info/Elements/w/object/P10061</marc:subfield>
        </marc:datafield>
        <marc:datafield tag="240" ind1=" " ind2=" ">
            <marc:subfield code="a">Charlie and the chocolate factory</marc:subfield>
            <marc:subfield code="1">http://viaf.org/viaf/187061730</marc:subfield>
        </marc:datafield>
        <marc:datafield tag="245" ind1="1" ind2="0">
            <marc:subfield code="a">Charlie and the chocolate factory pop-up book /</marc:subfield>
            <marc:subfield code="c">Roald Dahl ; illustrated by Quentin Blake.</marc:subfield>
        </marc:datafield>
        <marc:datafield tag="250" ind1=" " ind2=" ">
            <marc:subfield code="a">Abridged pop-up ed.</marc:subfield>
        </marc:datafield>
        <marc:datafield tag="260" ind1=" " ind2=" ">
            <marc:subfield code="a">London :</marc:subfield>
            <marc:subfield code="b">Puffin,</marc:subfield>
            <marc:subfield code="c">2011.</marc:subfield>
        </marc:datafield>
        <marc:datafield tag="300" ind1=" " ind2=" ">
            <marc:subfield code="a">1 v. (unpaged) :</marc:subfield>
            <marc:subfield code="b">ill. (chiefly col.) ;</marc:subfield>
            <marc:subfield code="c">29 cm.</marc:subfield>
        </marc:datafield>
        <marc:datafield tag="336" ind1=" " ind2=" ">
            <marc:subfield code="a">text</marc:subfield>
            <marc:subfield code="2">rdacontent</marc:subfield>
            <marc:subfield code="0">http://rdaregistry.info/termList/RDAContentType/1020</marc:subfield>
        </marc:datafield>
        <marc:datafield tag="337" ind1=" " ind2=" ">
            <marc:subfield code="a">unmediated</marc:subfield>
            <marc:subfield code="2">rdamedia</marc:subfield>
            <marc:subfield code="0">http://rdaregistry.info/termList/RDAMediaType/1007</marc:subfield>
        </marc:datafield>
        <marc:datafield tag="338" ind1=" " ind2=" ">
            <marc:subfield code="a">volume</marc:subfield>
            <marc:subfield code="2">rdacarrier</marc:subfield>
            <marc:subfield code="0">http://rdaregistry.info/termList/RDACarrierType/1049</marc:subfield>
        </marc:datafield>
        <marc:datafield tag="520" ind1=" " ind2=" ">
            <marc:subfield code="a">Charlie Bucket loves chocolate. And Mr Willy Wonka, the wondrous inventor in the world, is opening the gates of his chocolate factory to five lucky children. It's the prize of a lifetime. Gobstoppers, wriggle sweets and a river of melted chocolate delight await. Charlie needs just one Golden Ticket and these delicious treats could be all his...</marc:subfield>
        </marc:datafield>
        <marc:datafield tag="700" ind1="1" ind2=" ">
            <marc:subfield code="a">Blake, Quentin.</marc:subfield>
            <marc:subfield code="1">http://viaf.org/viaf/108680806</marc:subfield>
            <marc:subfield code="4">http://rdaregistry.info/Elements/m/object/P30321</marc:subfield>
        </marc:datafield>
    </marc:record>