
    <marc:record>
        <marc:leader>01163 am a2200253ua 4500</marc:leader>
        <marc:controlfield tag="001">011929782</marc:controlfield>
        <marc:controlfield tag="005">20091122232900.0</marc:controlfield>
        <marc:controlfield tag="008">870202r19861973enka   j|     000 1|eng  </marc:controlfield>
        <marc:datafield tag="019" ind1="1" ind2=" ">
            <marc:subfield code="a">0140320431</marc:subfield>
        </marc:datafield>
        <marc:datafield tag="019" ind1="9" ind2=" ">
            <marc:subfield code="a">0140320431</marc:subfield>
        </marc:datafield>
        <marc:datafield tag="019" ind1="y" ind2=" ">
            <marc:subfield code="a">b8706997</marc:subfield>
        </marc:datafield>
        <marc:datafield tag="020" ind1=" " ind2=" ">
            <marc:subfield code="a">0140320431 (pbk) :</marc:subfield>
            <marc:subfield code="c">£1.95</marc:subfield>
        </marc:datafield>
        <marc:datafield tag="039" ind1="0" ind2=" ">
            <marc:subfield code="a">1925</marc:subfield>
        </marc:datafield>
        <marc:datafield tag="082" ind1="0" ind2="4">
            <marc:subfield code="a">823/.914</marc:subfield>
            <marc:subfield code="2">19</marc:subfield>
        </marc:datafield>
        <marc:datafield tag="100" ind1="1" ind2=" ">
            <marc:subfield code="a">Dahl, Roald.</marc:subfield>
            <marc:subfield code="1">http://viaf.org/viaf/108159131</marc:subfield>
            <marc:subfield code="4">http://rdaregistry.info/Elements/w/object/P10061</marc:subfield>
        </marc:datafield>
        <marc:datafield tag="240" ind1=" " ind2=" ">
            <marc:subfield code="a">Charlie and the great glass elevator</marc:subfield>
            <marc:subfield code="1">http://viaf.org/viaf/309279222</marc:subfield>
        </marc:datafield>
        <marc:datafield tag="245" ind1="1" ind2="0">
            <marc:subfield code="a">Charlie and the great glass elevator /</marc:subfield>
            <marc:subfield code="c">Roald Dahl ; illustrated by Michael Foreman.</marc:subfield>
        </marc:datafield>
        <marc:datafield tag="260" ind1=" " ind2=" ">
            <marc:subfield code="a">Harmondsworth :</marc:subfield>
            <marc:subfield code="b">Puffin,</marc:subfield>
            <marc:subfield code="c">1975, c1973</marc:subfield>
            <marc:subfield code="g">(1986 [printing])</marc:subfield>
        </marc:datafield>
        <marc:datafield tag="300" ind1=" " ind2=" ">
            <marc:subfield code="a">158p. ;</marc:subfield>
            <marc:subfield code="c">2019cm.</marc:subfield>
        </marc:datafield>
        <marc:datafield tag="336" ind1=" " ind2=" ">
            <marc:subfield code="a">text</marc:subfield>
            <marc:subfield code="2">rdacontent</marc:subfield>
            <marc:subfield code="0">http://rdaregistry.info/termList/RDAContentType/1020</marc:subfield>
        </marc:datafield>
        <marc:datafield tag="337" ind1=" " ind2=" ">
            <marc:subfield code="a">unmediated</marc:subfield>
            <marc:subfield code="2">rdamedia</marc:subfield>
            <marc:subfield code="0">http://rdaregistry.info/termList/RDAMediaType/1007</marc:subfield>
        </marc:datafield>
        <marc:datafield tag="338" ind1=" " ind2=" ">
            <marc:subfield code="a">volume</marc:subfield>
            <marc:subfield code="2">rdacarrier</marc:subfield>
            <marc:subfield code="0">http://rdaregistry.info/termList/RDACarrierType/1049</marc:subfield>
        </marc:datafield>
        <marc:datafield tag="500" ind1=" " ind2=" ">
            <marc:subfield code="a">Originally published: London : Allen and Unwin, 1973.</marc:subfield>
        </marc:datafield>
        <marc:datafield tag="700" ind1="1" ind2=" ">
            <marc:subfield code="a">Foreman, Michael,</marc:subfield>
            <marc:subfield code="d">1938-</marc:subfield>
            <marc:subfield code="1">http://viaf.org/viaf/108575368</marc:subfield>
            <marc:subfield code="4">http://rdaregistry.info/Elements/m/object/P30321</marc:subfield>
        </marc:datafield>
    </marc:record>