
    <marc:record>
        <marc:leader>01298 am a2200253ua 4500</marc:leader>
        <marc:controlfield tag="001">010022162</marc:controlfield>
        <marc:controlfield tag="005">20091122132900.0</marc:controlfield>
        <marc:controlfield tag="008">850513s1984    enka   j|     000 d|eng  </marc:controlfield>
        <marc:datafield tag="019" ind1="1" ind2=" ">
            <marc:subfield code="a">0047920149</marc:subfield>
        </marc:datafield>
        <marc:datafield tag="019" ind1="9" ind2=" ">
            <marc:subfield code="a">0047920149</marc:subfield>
        </marc:datafield>
        <marc:datafield tag="019" ind1="y" ind2=" ">
            <marc:subfield code="a">b8424280</marc:subfield>
        </marc:datafield>
        <marc:datafield tag="020" ind1=" " ind2=" ">
            <marc:subfield code="a">0047920149 :</marc:subfield>
            <marc:subfield code="c">£5.95</marc:subfield>
        </marc:datafield>
        <marc:datafield tag="039" ind1="0" ind2=" ">
            <marc:subfield code="a">1840</marc:subfield>
        </marc:datafield>
        <marc:datafield tag="082" ind1="0" ind2="4">
            <marc:subfield code="a">812/.54</marc:subfield>
            <marc:subfield code="2">19</marc:subfield>
        </marc:datafield>
        <marc:datafield tag="100" ind1="1" ind2=" ">
            <marc:subfield code="a">George, Richard R.</marc:subfield>
            <marc:subfield code="1">http://viaf.org/viaf/65832772</marc:subfield>
            <marc:subfield code="4">http://rdaregistry.info/Elements/w/object/P10203</marc:subfield>
        </marc:datafield>
        <marc:datafield tag="240" ind1=" " ind2=" ">
            <marc:subfield code="a">Charlie and the great glass elevator</marc:subfield>
            <marc:subfield code="1">http://viaf.org/viaf/65832772/glasselevator</marc:subfield>
        </marc:datafield>
        <marc:datafield tag="245" ind1="1" ind2="0">
            <marc:subfield code="a">Roald Dahl's Charlie and the great glass elevator :</marc:subfield>
            <marc:subfield code="b">a play /</marc:subfield>
            <marc:subfield code="c">adapted by Richard R. George ; introduction by Roald Dahl.</marc:subfield>
        </marc:datafield>
        <marc:datafield tag="260" ind1=" " ind2=" ">
            <marc:subfield code="a">London :</marc:subfield>
            <marc:subfield code="b">Allen &amp; Unwin,</marc:subfield>
            <marc:subfield code="c">1984.</marc:subfield>
        </marc:datafield>
        <marc:datafield tag="300" ind1=" " ind2=" ">
            <marc:subfield code="a">123p. :</marc:subfield>
            <marc:subfield code="b">ill. ;</marc:subfield>
            <marc:subfield code="c">21cm.</marc:subfield>
        </marc:datafield>
        <marc:datafield tag="336" ind1=" " ind2=" ">
            <marc:subfield code="a">text</marc:subfield>
            <marc:subfield code="2">rdacontent</marc:subfield>
            <marc:subfield code="0">http://rdaregistry.info/termList/RDAContentType/1020</marc:subfield>
        </marc:datafield>
        <marc:datafield tag="337" ind1=" " ind2=" ">
            <marc:subfield code="a">unmediated</marc:subfield>
            <marc:subfield code="2">rdamedia</marc:subfield>
            <marc:subfield code="0">http://rdaregistry.info/termList/RDAMediaType/1007</marc:subfield>
        </marc:datafield>
        <marc:datafield tag="338" ind1=" " ind2=" ">
            <marc:subfield code="a">volume</marc:subfield>
            <marc:subfield code="2">rdacarrier</marc:subfield>
            <marc:subfield code="0">http://rdaregistry.info/termList/RDACarrierType/1049</marc:subfield>
        </marc:datafield>
        <marc:datafield tag="700" ind1="1" ind2=" ">
            <marc:subfield code="a">Dahl, Roald.</marc:subfield>
            <marc:subfield code="t">Charlie and the great glass elevator.</marc:subfield>
            <marc:subfield code="1">http://viaf.org/viaf/309279222</marc:subfield>
            <marc:subfield code="4">http://rdaregistry.info/Elements/w/object/P10142</marc:subfield>
        </marc:datafield>
        <marc:datafield tag="758" ind1="1" ind2=" ">
            <marc:subfield code="i">Adapsjon av:</marc:subfield>
            <marc:subfield code="a">Charlie and the great glass elevator</marc:subfield>
            <marc:subfield code="1">http://viaf.org/viaf/309279222</marc:subfield>
            <marc:subfield code="4">http://rdaregistry.info/Elements/w/object/P10142</marc:subfield>
        </marc:datafield>
    </marc:record>