
    <!-- samlinger -->
        <marc:record>
        <marc:leader>02924cam a2200553 c 4500</marc:leader>
        <marc:controlfield tag="001">990004997064702202</marc:controlfield>
        <marc:controlfield tag="005">20230303121036.0</marc:controlfield>
        <marc:controlfield tag="007">cr||||||||||||</marc:controlfield>
        <marc:controlfield tag="007">ta</marc:controlfield>
        <marc:controlfield tag="008">130305s2000    no#||||j |||||000|1|nob| </marc:controlfield>
        <marc:datafield tag="020" ind1=" " ind2=" ">
            <marc:subfield code="a">8252533590</marc:subfield>
            <marc:subfield code="q">ib.</marc:subfield>
            <marc:subfield code="c">Nkr 75.00</marc:subfield>
        </marc:datafield>
        <marc:datafield tag="041" ind1="1" ind2=" ">
            <marc:subfield code="h">eng</marc:subfield>
        </marc:datafield>
        <marc:datafield tag="080" ind1=" " ind2=" ">
            <marc:subfield code="a">820</marc:subfield>
        </marc:datafield>
        <marc:datafield tag="082" ind1="7" ind2="4">
            <marc:subfield code="a">823</marc:subfield>
            <marc:subfield code="q">NO-OsNB</marc:subfield>
            <marc:subfield code="2">4/nor</marc:subfield>
        </marc:datafield>
        <marc:datafield tag="100" ind1="1" ind2=" ">
            <marc:subfield code="a">Dahl, Roald</marc:subfield>
            <marc:subfield code="d">1916-1990</marc:subfield>
            <marc:subfield code="0">(NO-TrBIB)90064099</marc:subfield>
            <marc:subfield code="1">http://viaf.org/viaf/108159131</marc:subfield>
            <marc:subfield code="4">http://rdaregistry.info/Elements/w/object/P10061</marc:subfield>
        </marc:datafield>
        <marc:datafield tag="240" ind1="1" ind2="0">
            <marc:subfield code="a">Kiss kiss</marc:subfield>
            <marc:subfield code="1">http://viaf.org/viaf/377154501934139210003</marc:subfield>
            <marc:subfield code="k">Eksempelsamling</marc:subfield>
        </marc:datafield>
        <marc:datafield tag="245" ind1="1" ind2="0">
            <marc:subfield code="a">Kiss kiss</marc:subfield>
            <marc:subfield code="c">Roald Dahl ; oversatt av Daisy Schjelderup</marc:subfield>
        </marc:datafield>
        <marc:datafield tag="246" ind1="1" ind2=" ">
            <marc:subfield code="a">Kiss kiss</marc:subfield>
            <marc:subfield code="i">Originaltittel</marc:subfield>
        </marc:datafield>
        <marc:datafield tag="260" ind1=" " ind2=" ">
            <marc:subfield code="a">[Oslo]</marc:subfield>
            <marc:subfield code="b">Ungdomsbokklubben</marc:subfield>
            <marc:subfield code="c">2000</marc:subfield>
        </marc:datafield>
        <marc:datafield tag="300" ind1=" " ind2=" ">
            <marc:subfield code="a">234 s.</marc:subfield>
        </marc:datafield>
        <marc:datafield tag="336" ind1=" " ind2=" ">
            <marc:subfield code="a">text</marc:subfield>
            <marc:subfield code="2">rdacontent</marc:subfield>
            <marc:subfield code="0">http://rdaregistry.info/termList/RDAContentType/1020</marc:subfield>
        </marc:datafield>
        <marc:datafield tag="337" ind1=" " ind2=" ">
            <marc:subfield code="a">unmediated</marc:subfield>
            <marc:subfield code="2">rdamedia</marc:subfield>
            <marc:subfield code="0">http://rdaregistry.info/termList/RDAMediaType/1007</marc:subfield>
        </marc:datafield>
        <marc:datafield tag="338" ind1=" " ind2=" ">
            <marc:subfield code="a">volume</marc:subfield>
            <marc:subfield code="2">rdacarrier</marc:subfield>
            <marc:subfield code="0">http://rdaregistry.info/termList/RDACarrierType/1049</marc:subfield>
        </marc:datafield>
        <marc:datafield tag="500" ind1=" " ind2=" ">
            <marc:subfield code="a">1. norske utg. Oslo : Gyldendal, 1970</marc:subfield>
        </marc:datafield>
        <marc:datafield tag="505" ind1="0" ind2=" ">
            <marc:subfield code="a">Dronning-gelé -- Edward Erobreren -- Genesis og katastrofe -- Georgy Porgy -- Griseflaks -- Mrs. Bixby og oberstens minkpels -- Sogneprestens skatter -- Veien til himmels -- Verdensmesteren -- Vertinnen -- William og Mary</marc:subfield>
        </marc:datafield>
        <marc:datafield tag="700" ind1="1" ind2=" ">
            <marc:subfield code="a">Reiten, Trude.</marc:subfield>
            <marc:subfield code="4">bjd</marc:subfield>
            <marc:subfield code="0">(NO-TrBIB)9026469</marc:subfield>
            <marc:subfield code="1">http://viaf.org/viaf/221275657</marc:subfield>
            <marc:subfield code="4">http://rdaregistry.info/Elements/m/object/P30069</marc:subfield>
        </marc:datafield>
        <marc:datafield tag="700" ind1="1" ind2=" ">
            <marc:subfield code="a">Schelderup, Daisy</marc:subfield>
            <marc:subfield code="4">trl</marc:subfield>
            <marc:subfield code="1">http://viaf.org/viaf/13603894</marc:subfield>
            <marc:subfield code="4">http://rdaregistry.info/Elements/e/object/P20037</marc:subfield>
        </marc:datafield>
        <marc:datafield tag="700" ind1=" " ind2="2">
            <marc:subfield code="a">Dahl, Roald</marc:subfield>
            <marc:subfield code="t">Dronning-gelé</marc:subfield>
            <marc:subfield code="1">http://viaf.org/viaf/377154501934139210003/01</marc:subfield>
        </marc:datafield>
        <marc:datafield tag="700" ind1=" " ind2="2">
            <marc:subfield code="a">Dahl, Roald</marc:subfield>
            <marc:subfield code="t">Edward Erobreren</marc:subfield>
            <marc:subfield code="1">http://viaf.org/viaf/377154501934139210003/02</marc:subfield>
        </marc:datafield>
        <marc:datafield tag="700" ind1=" " ind2="2">
            <marc:subfield code="a">Dahl, Roald</marc:subfield>
            <marc:subfield code="t">Genesis og katastrofe</marc:subfield>
            <marc:subfield code="1">http://viaf.org/viaf/377154501934139210003/03</marc:subfield>
        </marc:datafield>
        <marc:datafield tag="700" ind1=" " ind2="2">
            <marc:subfield code="a">Dahl, Roald</marc:subfield>
            <marc:subfield code="t">Georgy Porgy</marc:subfield>
            <marc:subfield code="1">http://viaf.org/viaf/377154501934139210003/04</marc:subfield>
        </marc:datafield>
        <marc:datafield tag="700" ind1=" " ind2="2">
            <marc:subfield code="a">Dahl, Roald</marc:subfield>
            <marc:subfield code="t">Griseflaks</marc:subfield>
            <marc:subfield code="1">http://viaf.org/viaf/377154501934139210003/05</marc:subfield>
        </marc:datafield>
        <marc:datafield tag="700" ind1=" " ind2="2">
            <marc:subfield code="a">Dahl, Roald</marc:subfield>
            <marc:subfield code="t">Mrs. Bixby og oberstens minkpels</marc:subfield>
            <marc:subfield code="1">http://viaf.org/viaf/377154501934139210003/06</marc:subfield>
        </marc:datafield>
        <marc:datafield tag="700" ind1=" " ind2="2">
            <marc:subfield code="a">Dahl, Roald</marc:subfield>
            <marc:subfield code="t">Sogneprestens skatter</marc:subfield>
            <marc:subfield code="1">http://viaf.org/viaf/377154501934139210003/07</marc:subfield>
        </marc:datafield>
        <marc:datafield tag="700" ind1=" " ind2="2">
            <marc:subfield code="a">Dahl, Roald</marc:subfield>
            <marc:subfield code="t">Veien til himmels</marc:subfield>
            <marc:subfield code="1">http://viaf.org/viaf/377154501934139210003/08</marc:subfield>
        </marc:datafield>
        <marc:datafield tag="700" ind1=" " ind2="2">
            <marc:subfield code="a">Dahl, Roald</marc:subfield>
            <marc:subfield code="t">Verdensmesteren</marc:subfield>
            <marc:subfield code="1">http://viaf.org/viaf/377154501934139210003/09</marc:subfield>
        </marc:datafield>
        <marc:datafield tag="700" ind1=" " ind2="2">
            <marc:subfield code="a">Dahl, Roald</marc:subfield>
            <marc:subfield code="t">Vertinnen</marc:subfield>
            <marc:subfield code="1">http://viaf.org/viaf/377154501934139210003/10</marc:subfield>
        </marc:datafield>
        <marc:datafield tag="700" ind1=" " ind2="2">
            <marc:subfield code="a">Dahl, Roald</marc:subfield>
            <marc:subfield code="t">William og Mary</marc:subfield>
            <marc:subfield code="1">http://viaf.org/viaf/377154501934139210003/11</marc:subfield>
        </marc:datafield>
        <marc:datafield tag="740" ind1="0" ind2=" ">
            <marc:subfield code="a">Dronning-gelé</marc:subfield>
        </marc:datafield>
        <marc:datafield tag="740" ind1="0" ind2=" ">
            <marc:subfield code="a">Edward Erobreren</marc:subfield>
        </marc:datafield>
        <marc:datafield tag="740" ind1="0" ind2=" ">
            <marc:subfield code="a">Genesis og katastrofe</marc:subfield>
        </marc:datafield>
        <marc:datafield tag="740" ind1="0" ind2=" ">
            <marc:subfield code="a">Georgy Porgy</marc:subfield>
        </marc:datafield>
        <marc:datafield tag="740" ind1="0" ind2=" ">
            <marc:subfield code="a">Griseflaks</marc:subfield>
        </marc:datafield>
        <marc:datafield tag="740" ind1="0" ind2=" ">
            <marc:subfield code="a">Mrs. Bixby og oberstens minkpels</marc:subfield>
        </marc:datafield>
        <marc:datafield tag="740" ind1="0" ind2=" ">
            <marc:subfield code="a">Sogneprestens skatter</marc:subfield>
        </marc:datafield>
        <marc:datafield tag="740" ind1="0" ind2=" ">
            <marc:subfield code="a">Veien til himmels</marc:subfield>
        </marc:datafield>
        <marc:datafield tag="740" ind1="0" ind2=" ">
            <marc:subfield code="a">Verdensmesteren</marc:subfield>
        </marc:datafield>
        <marc:datafield tag="740" ind1="0" ind2=" ">
            <marc:subfield code="a">Vertinnen</marc:subfield>
        </marc:datafield>
        <marc:datafield tag="740" ind1="0" ind2=" ">
            <marc:subfield code="a">William og Mary</marc:subfield>
        </marc:datafield>
    </marc:record>